ISA*00*          *00*          *ZZ*MMISNEBR       *ZZ*WWWWW          *120130*1637*^*00501*000000031*0*P*>~
  GS*HP*MMISNEBR*WWWWW*20120130*163745*8*X*005010X221A1~
    ST*835*8001~
      BPR*I*999.99*C*ACH*CTX*01*999999999*DA*999999999999*9999999999**01*999999999*DA*999999999*20120201~
      TRN*1*999999999*9999999999~
      DTM*405*20120128~
      N1*PR*XXXXXXXX XXXXXXXX~
      N3*X.X. XXX 99999~
      N4*XXXXXXX*NE*999999999~
      PER*CX*XXXXXXXX XXXXXXX XXXX*TE*9999999999*TE*9999999999~
      PER*BL*XXXXXXXX XXX XXXX XXXX*TE*9999999999*TE*9999999999*EM*XXXX.XXXXXXXXXXX@XXXXXXXX.XXX~
      PER*IC**UR*XXX.XXXX.XX.XXX/XXXXXXXX~
      N1*PE*XXX,XXXXXXXX*XX*9999999999~
      N3*999X X XXXXXXX XXX~
      N4*XXXXXXXX*NE*999999999~
      REF*TJ*999999999~
      LX*1~
      CLP*9999999999-999*4*999.99*0*0*MC*99999999999*11*1***0~
      NM1*QC*1*DAK*XXXXXXX****MR*99999999999~
      NM1*74*1*DAK*XXXXXXX*N~
      DTM*050*20120127~
      DTM*232*20120116~
      DTM*233*20120116~
      SVC*XX>99999*999.99*0**9.999~
      DTM*472*20120116~
      CAS*CO*24*999.99*0~
      REF*6R*999X999999999999999999~
      LQ*HE*N1~
      SVC*HC>90716*99.99*0**9.999~
      DTM*472*20120116~
      CAS*CO*24*99.99*0~
      REF*6R*999X999999999999999999~
      LQ*HE*N1~
      CLP*9999999999-999*4*999.99*0*0*MC*99999999999*11*1***0~
      NM1*QC*1*DAK*XXXXXXX****MR*99999999999~
      NM1*74*1*DAK*XXXXXXX*N~
      DTM*050*20120127~
      DTM*232*20120116~
      DTM*233*20120116~
      SVC*XX>99999*999.99*0**9.999~
      DTM*472*20120116~
      CAS*CO*24*999.99*0~
      REF*6R*999X999999999999999999~
      LQ*HE*N1~
      SVC*HC>90716*99.99*0**9.999~
      DTM*472*20120116~
      CAS*CO*24*99.99*0~
      REF*6R*999X999999999999999999~
      LQ*HE*N1~
      CLP*XXXXXX9999*4*999.99*0*0*MC*99999999999**1***0~
      NM1*QC*1*XXXXXXXXX*XXXXXXX*E***MR*99999999999~
      DTM*050*20111230~
      DTM*232*20111223~
      DTM*233*20111223~
      SVC*XX>99999>XX*999.99*0**9.999~
      DTM*472*20111223~
      CAS*CO*24*999.99*0~
      LQ*HE*N1~
      SVC*XX>99999*99.99*0**9.999~
      DTM*472*20111223~
      CAS*CO*204*99.99*0~
      LQ*HE*N1~
      SVC*XX>99999*99.99*0**9.999~
      DTM*472*20111223~
      CAS*CO*24*99.99*0~
      LQ*HE*N1~
      SVC*XX>99999*99.99*0**9.999~
      DTM*472*20111223~
      CAS*CO*24*99.99*0~
      LQ*HE*N1~
      SVC*XX>99999*99.99*0**9.999~
      DTM*472*20111223~
      CAS*CO*24*99.99*0~
      LQ*HE*N1~
      CLP*XXXXXX9999*4*999.99*0*0*MC*99999999999**1***0~
      NM1*QC*1*XXXXXXXXXX*XXXXX*A***MR*99999999999~
      DTM*050*20111227~
      DTM*232*20111216~
      DTM*233*20111216~
      SVC*XX>99999>XX*999.99*0**9.999~
      DTM*472*20111216~
      CAS*CO*24*999.99*0~
      LQ*HE*N1~
      SVC*XX>99999*99.99*0**9.999~
      DTM*472*20111216~
      CAS*CO*24*99.99*0~
      LQ*HE*N1~
      SVC*XX>99999*99.99*0**9.999~
      DTM*472*20111216~
      CAS*CO*24*99.99*0~
      LQ*HE*N1~
      SVC*XX>99999*99.99*0**9.999~
      DTM*472*20111216~
      CAS*CO*24*99.99*0~
      LQ*HE*N1~
      CLP*9999999999-999*4*999.99*0*0*MC*99999999999*11*1***0~
      NM1*QC*1*XXXXXX*XXXX****MR*99999999999~
      NM1*74*1*XXXXXX*XXXX*M~
      DTM*050*20120127~
      DTM*232*20120109~
      DTM*233*20120109~
      SVC*XX>99999*999.99*0**9.999~
      DTM*472*20120109~
      CAS*CO*24*999.99*0~
      REF*6R*999X999999999999999999~
      LQ*HE*N1~
      CLP*9999999999-999*4*999.99*0*0*MC*99999999999*11*1***0~
      NM1*QC*1*XXXXXX*XXXXXXX****MR*99999999999~
      NM1*74*1*XXXXXX*XXXXX*J~
      DTM*050*20120127~
      DTM*232*20120118~
      DTM*233*20120118~
      SVC*XX>99999*999.99*0**9.999~
      DTM*472*20120118~
      CAS*CO*24*999.99*0~
      REF*6R*999X999999999999999999~
      LQ*HE*N1~
      SVC*XX>99999*99.99*0**9.999~
      DTM*472*20120118~
      CAS*CO*24*99.99*0~
      REF*6R*999X999999999999999999~
      LQ*HE*N1~
      CLP*9999999999-999*4*999.99*0*0*MC*99999999999*11*1***0~
      NM1*QC*1*XXXXXX*XXXXX****MR*99999999999~
      NM1*74*1*XXXXXX*XXXXX*J~
      DTM*050*20120127~
      DTM*232*20120118~
      DTM*233*20120118~
      SVC*XX>99999*999.99*0**9.999~
      DTM*472*20120118~
      CAS*CO*24*999.99*0~
      REF*6R*999X999999999999999999~
      LQ*HE*N1~
      SVC*XX>99999*99.99*0**9.999~
      DTM*472*20120118~
      CAS*CO*24*99.99*0~
      REF*6R*999X999999999999999999~
      LQ*HE*N1~
      CLP*9999999999-999*1*999.99*99.99*0*MC*99999999999*11*1***0~
      NM1*QC*1*XXXXXXXXXXX*XXXX****MR*99999999999~
      NM1*74*1*XXXXXXXXXXX*XXXX*A~
      DTM*050*20120127~
      DTM*232*20120106~
      DTM*233*20120106~
      SVC*XX>99999*999.99*99.99**9.999~
      DTM*472*20120106~
      CAS*CO*45*999.99*0~
      REF*6R*999X999999999999999999~
      LQ*HE*N1~
      CLP*XXXXXX9999*1*999.99*99.99*0*MC*99999999999**1***0~
      NM1*QC*1*XXXXXXXXXXX*XXXX*A***MR*99999999999~
      DTM*050*20111230~
      DTM*232*20111223~
      DTM*233*20111223~
      SVC*XX>99999*999.99*99.99**9.999~
      DTM*472*20111223~
      CAS*CO*45*999.99*0~
      LQ*HE*N1~
      CLP*9999999999-999*4*999.99*0*0*MC*99999999999*11*1***0~
      NM1*QC*1*XXXXX-XXXXXXXXX*XXXXXXX****MR*99999999999~
      NM1*74*1*XXXXX XXXXXXXXX*XXXXXXX*M~
      DTM*050*20120127~
      DTM*232*20120118~
      DTM*233*20120118~
      SVC*XX>99999*999.99*0**9.999~
      DTM*472*20120118~
      CAS*CO*24*999.99*0~
      REF*6R*999X999999999999999999~
      LQ*HE*N1~
      SVC*XX>99999*99.99*0**9.999~
      DTM*472*20120118~
      CAS*CO*24*99.99*0~
      REF*6R*999X999999999999999999~
      LQ*HE*N1~
      CLP*XXXXXX9999*4*99.99*0*0*MC*99999999999**1***0~
      NM1*QC*1*XXXXXX*XX XXXXXX*C***MR*99999999999~
      DTM*050*20111227~
      DTM*232*20111216~
      DTM*233*20111216~
      SVC*XX>99999>99*99.99*0**9.999~
      DTM*472*20111216~
      CAS*CO*24*99.99*0~
      LQ*HE*N1~
      SVC*XX>99999>XX*99.99*0**9.999~
      DTM*472*20111216~
      CAS*CO*24*99.99*0~
      LQ*HE*N1~
      CLP*9999999999-999*4*999.99*0*0*MC*99999999999*11*1***0~
      NM1*QC*1*XXXXX*XXXX*N***MR*99999999999~
      NM1*74*1*XXXXX*XXXX~
      DTM*050*20120127~
      DTM*232*20120111~
      DTM*233*20120111~
      SVC*XX>99999*999.99*0**9.999~
      DTM*472*20120111~
      CAS*CO*24*999.99*0~
      REF*6R*999X999999999999999999~
      LQ*HE*N1~
      SVC*XX>99999*99.99*0**9.999~
      DTM*472*20120111~
      CAS*CO*24*99.99*0~
      REF*6R*999X999999999999999999~
      LQ*HE*N1~
      CLP*XXXXXX9999*1*999.99*99.99*0*MC*99999999999**1***0~
      NM1*QC*1*XXXXXXX*XXXXXXXX*N***MR*99999999999~
      DTM*050*20111230~
      DTM*232*20111223~
      DTM*233*20111223~
      SVC*XX>99999*999.99*99.99**9.999~
      DTM*472*20111223~
      CAS*CO*45*999.99*0~
      LQ*HE*N1~
      CLP*9999999999-999*4*999.99*0*0*MC*99999999999*11*1***0~
      NM1*QC*1*XXXXXXXXX*XXXXX****MR*99999999999~
      NM1*74*1*XXXXXXXXX*XXXXX*J~
      DTM*050*20120127~
      DTM*232*20120106~
      DTM*233*20120106~
      SVC*XX>99999*999.99*0**9.999~
      DTM*472*20120106~
      CAS*CO*24*999.99*0~
      REF*6R*999X999999999999999999~
      LQ*HE*N1~
      CLP*XXXXXX9999*1*999.99*176.12*0*MC*99999999999**1***0~
      NM1*QC*1*XXXXXXXX*XXXXXXXX*E***MR*99999999999~
      DTM*050*20111227~
      DTM*232*20111008~
      DTM*233*20111009~
      SVC*XX>99999*999.99*999.99**9.999~
      DTM*472*20111008~
      CAS*CO*45*99.99*0~
      LQ*HE*N1~
      SVC*XX>99999*999.99*99.99**9.999~
      DTM*472*20111009~
      CAS*CO*45*99.99*0~
      LQ*HE*N1~
      CLP*XXXXXX9999*1*999.99*99.99*0*MC*99999999999**1***0~
      NM1*QC*1*XXXXXXXX*XXXXXXXX*E***MR*99999999999~
      DTM*050*20111227~
      DTM*232*20111014~
      DTM*233*20111014~
      SVC*XX>99999*999.99*99.99**9.999~
      DTM*472*20111014~
      CAS*CO*45*999.99*0~
      LQ*HE*N1~
      CLP*XXXXXX9999*1*999.99*99.99*0*MC*99999999999**1***0~
      NM1*QC*1*XXXXXXXX*XXXXXXXX*E***MR*99999999999~
      DTM*050*20111227~
      DTM*232*20111025~
      DTM*233*20111025~
      SVC*XX>99999*999.99*99.99**9.999~
      DTM*472*20111025~
      CAS*CO*45*999.99*0~
      LQ*HE*N1~
      CLP*XXXXXX9999*1*999.99*99.99*0*MC*99999999999**1***0~
      NM1*QC*1*XXXXXXXX*XXXXXXXX*E***MR*99999999999~
      DTM*050*20111227~
      DTM*232*20111128~
      DTM*233*20111128~
      SVC*XX>99999*999.99*99.99**9.999~
      DTM*472*20111128~
      CAS*CO*45*999.99*0~
      LQ*HE*N1~
      CLP*XXXXXX9999*4*999.99*0*0*MC*99999999999**1***0~
      NM1*QC*1*XXXXXXXX*XXXXXXXX*E***MR*99999999999~
      DTM*050*20111227~
      DTM*232*20111209~
      DTM*233*20111209~
      SVC*XX>99999>XX*999.99*0**9.999~
      DTM*472*20111209~
      CAS*CO*24*999.99*0~
      LQ*HE*N1~
      SVC*XX>99999*99.99*0**9.999~
      DTM*472*20111209~
      CAS*CO*24*99.99*0~
      LQ*HE*N1~
      SVC*XX>99999*99.99*0**9.999~
      DTM*472*20111209~
      CAS*CO*24*99.99*0~
      LQ*HE*N1~
      SVC*XX>99999*99.99*0**9.999~
      DTM*472*20111209~
      CAS*CO*24*99.99*0~
      LQ*HE*N1~
      SVC*XX>99999*99.99*0**9.999~
      DTM*472*20111209~
      CAS*CO*24*99.99*0~
      LQ*HE*N1~
    SE*287*8001~
  GE*1*8~
IEA*1*000000031~